%_____________________________________________________________________________
%=============================================================================
% referensi.bib v2 (03-10-2016) dibuat oleh Lionov - T. Informatika FTIS UNPAR
% 
% Ini adalah file referensi (referensi.bib), berisi petunjuk singkat membuat
% referensi dan dipergunakan untuk menyimpan data referensi yang digunakan di
% buku skripsi
%
% Sejak template skripsi versi 11, style bibliography yang digunakan adalah 
% "computer journal" (cj). Perubahan ini disebabkan karena penulisan 
% nama penulis pada style sebelumnya (ieeetr) tidak sesuai dengan kaidah 
% penulisan Bahasa Indonesia, tetapi sekaligus ingin mempertahankan penggunaan
% angka untuk merujuk dan urutan item di referensi sesuai dengan kemunculan
% di teks skripsi.
% Untuk menggunakan style "cj", anda membutuhkan file "compj.bst" yang sudah
% disertakan di dalam Template Skripsi FTIS
%
% File compj.bst tersebut merupakan file resmi yang digunakan oleh Computer 
% Journal yang diterbitkan Oxford University di Inggris, kemudian dilakukan 
% cukup banyak penyesuaian untuk digunakan di FTIS UNPAR, oleh sebab itu
% ada kemungkinan terjadi warning/error jika isi file ini digunakan untuk
% mencetak daftar referensi dengan menggunakan style yang lain
%
% Jika anda menemui kesulitan dalam menuliskan referensi (karena tidak 
% terdapat pada contoh yang diberikan), anda dapat bertanya via email ke 
% lionov(at)gmail.com atau lionov(at)unpar.ac.id
%
% Versi 2 (03-10-2016):
%	- Penjelasan umum dan 12 jenis penulisan referensi
%_____________________________________________________________________________
%=============================================================================
@article{palacci:13:living,
	author = {Jeremie Palacci and Stefano Sacanna and Asher Preska Steinberg and David J. Pine and Paul M. Chaikin},
	title =  {Living Crystals of Light-Activated Coloidal Surfers},
	journal = {Science},
	volume = {339},
	pages = {936--940},
	year = {2013},
}

@article{flock_pattern_1:16,
	author = {Pedro Sena Tanaka and Marcos R. Vieira and Daniel S. Kaster},
	title = {An Improved Base Algorithm for Online Discovery of Flock Patterns in Trajectories},
	journal = {Journal of Information and Data Management},
	volume = {7},
	pages = {52--67},
	year = {2016},
}

@inproceedings{flock_pattern_2:06,
	author 		= {Joachim Gudmundsson and Marc van Kreveld},
	title 		= {Computing longest duration flocks in trajectory data},
	pages 		= {35â€“-42},
	booktitle 	= {Proceedings of the 14th Annual ACM International Symposium on Advances in Geographic Information Systems},
	year 		= {2006},
	month		= {10-11 November},
	address 	= {Arlington, USA},
	publisher	= {ACM, New York}
}

@inproceedings{flock_pattern_discovery_2:09,
	author = {Marcos Vieira and Petko Bakalov and Vassilis Tsotras},
	title = {On-Line Discovery of Flock Patterns in Spatio-Temporal Data},
	pages = {286--295},
	booktitle ={Proceedings of the ACM International Symposium on Advances in Geographic Information Systems},	
	year={2009},
	month={4-6 November},
	address={Seattle, USA},
	publisher={ACM, New York}
}

@book{algo_online_1_8_mar_2021:98,
	author = {Allan Borodin and Ran El-Yaniv},
	title = {Online Computation and Competitive Analysis},
	edition = {1st},
	year = {1998},
	publisher	= {Cambridge University Press},
	address		= {Cambridge},
}

@book{algo_online_2:98,
	author = {Amos Fiat and Gerhard J. Woeginger},
	title = {Online Algorithms: The State of the Art},
	edition = {1st},
	year = {1998},
	publisher = {Springer-Verlag},
	address = {Berlin}
}

@unpublished{algo_online_3:13,
	author = {Carnegie Mellon University School of Computer Science},
	title = {Online Algorithms},
	year = {2013},
	note = {Catatan kuliah CMU 15-451 di Carnegie Mellon University School of Computer Science},
	url = {https://www.cs.cmu.edu/~avrim/451f13/lectures/lect1107.pdf},
	access = {8 Maret 2021},
}

@techreport{algo_online_4:92,
	author = {Richard M. Karp},
	title = {On-Line Algorithms versus Off-Line Algorthms: How Much is it Worth to Know the Future?},
	number = {TR-92-044},
	year = {1992},
	institution = {International Computer Science Institute Berkeley},
	address 	= {United States of America},
}

@incollection{wilshaw:06,
	author = {David Willshaw},
	title = {Self-organization in the Nervous System},
	editor = {Richard Morris and Lionel Tarassenko and Michael Kenward},
	booktitle = {Cognitive Systems - Information Processing Meets Brain Science},
	edition = {1st},
	year = {2006},
	publisher = {Academic Press},
	address = {London}
}

@unpublished{advdb:15,
	author		= {Southern Illinois University Edwardsville},
	title		= {Introduction to Spatial Indexing},
	year		= {2015},
	note		= {Catatan kuliah CS490 Advanced Databases di Southern Illinois University Edwardsville},
	url			= {http://www.cs.siue.edu/~marmcke/docs/cs490/_static/AdvancedDatabases.pdf},
	access 		= {20 Februari 2021},	
}

@phdthesis{wiratma:19:computations, 
	author		= {Lionov Wiratma},
	title     	= {Computations and Measures of Collective Movement Patterns Based on Trajectory Data},
	year      	= {2019},
	school     	= {Utrecht University},
	address		= {The Netherlands},
}
%=============================================================================